[
	{
		"leader":"01142cam**2200301*a*4500",
		"fields":
		[
			{
				"001":"92005291"
			},
			{
				"003":"DLC"
			},
			{
				"005":"19930521155141.9"
			},
			{
				"008":"920219s1993 caua j 000 0 eng"
			},
			{
				"010":
				{
					"ind1":"#",
					"ind2":"#",
					"subfields":
					[
						{
							"a":"92005291"
						}
					]
				}
			},
			{
				"020":
				{
					"ind1":"#",
					"ind2":"#",
					"subfields":
					[
						{
							"a":"0152038655 :"
						},
						{
							"c":""
						},
						{
							"1":"5.95"
						}
					]
				}
			},
			{
				"040":
				{
					"ind1":"#",
					"ind2":"#",
					"subfields":
					[
						{
							"a":"DLC"
						},
						{
							"c":"DLC"
						},
						{
							"d":"DLC"
						}
					]
				}
			},
			{
				"042":
				{
					"ind1":"#",
					"ind2":"#",
					"subfields":
					[
						{
							"a":"lcac"
						}
					]
				}
			},
			{
				"050":
				{
					"ind1":"0",
					"ind2":"0",
					"subfields":
					[
						{
							"a":"PS3537.A618"
						},
						{
							"b":"A88 1993"
						}
					]
				}
			},
			{
				"082":
				{
					"ind1":"0",
					"ind2":"0",
					"subfields":
					[
						{
							"2":"20"
						},
						{
							"a":"811/.52"
						}
					]
				}
			},
			{
				"100":
				{
					"ind1":"1",
					"ind2":"#",
					"subfields":
					[
						{
							"a":"Sandburg, Carl,"
						},
						{
							"d":"1878-1967."
						}
					]
				}
			},
			{
				"245":
				{
					"ind1":"1",
					"ind2":"0",
					"subfields":
					[
						{
							"a":"Arithmetic /"
						},
						{
							"c":"Carl Sandburg ; illustrated as an anamorphic adventure by Ted Rand."
						}
					]
				}
			},
			{
				"250":
				{
					"ind1":"#",
					"ind2":"#",
					"subfields":
					[
						{
							"a":"1st ed."
						}
					]
				}
			},
			{
				"260":
				{
					"ind1":"#",
					"ind2":"#",
					"subfields":
					[
						{
							"a":"San Diego :"
						},
						{
							"b":"Harcourt Brace Jovanovich,"
						},
						{
							"c":"c1993."
						}
					]
				}
			},
			{
				"300":
				{
					"ind1":"#",
					"ind2":"#",
					"subfields":
					[
						{
							"a":"1 v. (unpaged) :"
						},
						{
							"b":"ill. (some col.) ;"
						},
						{
							"c":"26 cm."
						}
					]
				}
			},
			{
				"500":
				{
					"ind1":"#",
					"ind2":"#",
					"subfields":
					[
						{
							"a":"One Mylar sheet included in pocket."
						}
					]
				}
			},
			{
				"520":
				{
					"ind1":"#",
					"ind2":"#",
					"subfields":
					[
						{
							"a":"A poem about numbers and their characteristics. Features anamorphic, or distorted, drawings which can be restored to normal by viewing from a particular angle or by viewing the image's reflection in the provided Mylar cone."
						}
					]
				}
			},
			{
				"650":
				{
					"ind1":"#",
					"ind2":"0",
					"subfields":
					[
						{
							"a":"Arithmetic"
						},
						{
							"x":"Juvenile poetry."
						}
					]
				}
			},
			{
				"650":
				{
					"ind1":"#",
					"ind2":"0",
					"subfields":
					[
						{
							"a":"Children's poetry, American."
						}
					]
				}
			},
			{
				"650":
				{
					"ind1":"#",
					"ind2":"1",
					"subfields":
					[
						{
							"a":"Arithmetic"
						},
						{
							"x":"Poetry."
						}
					]
				}
			},
			{
				"650":
				{
					"ind1":"#",
					"ind2":"1",
					"subfields":
					[
						{
							"a":"American poetry."
						}
					]
				}
			},
			{
				"650":
				{
					"ind1":"#",
					"ind2":"1",
					"subfields":
					[
						{
							"a":"Visual perception."
						}
					]
				}
			},
			{
				"700":
				{
					"ind1":"1",
					"ind2":"#",
					"subfields":
					[
						{
							"a":"Rand, Ted,"
						},
						{
							"e":"ill."
						}
					]
				}
			}
		]
	}
]